@online{geus,
  author = {de Geus, T. W. J.},
  title = {Personal website},
  year = 2016,
  url = {http://www.geus.me},
}

@online{wiki,
  author = {The world},
  title = {Wikipedia},
  url = {http://www.wikipedia.org},
}