@misc{Geus10,
 author = {de Geus, T.W.J.\},
 year = {2010},
 title = {{goose-thesis: a customized LaTeX thesis class}},
 url = {https://github.com/tdegeus/goose-thesis}
}

@misc{Geus11,
 author = {de Geus, T.W.J.\},
 year = {2011},
 title = {{goose-thesis: a customized LaTeX thesis class}},
 url = {https://github.com/tdegeus/goose-thesis}
}

@misc{Geus12,
 author = {de Geus, T.W.J.\},
 year = {2012},
 title = {{goose-thesis: a customized LaTeX thesis class}},
 url = {https://github.com/tdegeus/goose-thesis}
}

@misc{Geus13,
 author = {de Geus, T.W.J.\},
 year = {2013},
 title = {{goose-thesis: a customized LaTeX thesis class}},
 url = {https://github.com/tdegeus/goose-thesis}
}

@misc{Geus14,
 author = {de Geus, T.W.J.\},
 year = {2014},
 title = {{goose-thesis: a customized LaTeX thesis class}},
 url = {https://github.com/tdegeus/goose-thesis}
}

@misc{Geus15,
 author = {de Geus, T.W.J.\},
 year = {2015},
 title = {{goose-thesis: a customized LaTeX thesis class}},
 url = {https://github.com/tdegeus/goose-thesis}
}

@misc{Geus16,
 author = {de Geus, T.W.J.\},
 year = {2016},
 title = {{goose-thesis: a customized LaTeX thesis class}},
 url = {https://github.com/tdegeus/goose-thesis}
}

@misc{Geus17,
 author = {de Geus, T.W.J.\},
 year = {2017},
 title = {{goose-thesis: a customized LaTeX thesis class}},
 url = {https://github.com/tdegeus/goose-thesis}
}

@misc{Geus20,
 author = {de Geus, T.W.J.\},
 year = {2020},
 title = {{goose-thesis: a customized LaTeX thesis class}},
 url = {https://github.com/tdegeus/goose-thesis}
}

@misc{Geus21,
 author = {de Geus, T.W.J.\},
 year = {2021},
 title = {{goose-thesis: a customized LaTeX thesis class}},
 url = {https://github.com/tdegeus/goose-thesis}
}

@misc{Geus22,
 author = {de Geus, T.W.J.\},
 year = {2022},
 title = {{goose-thesis: a customized LaTeX thesis class}},
 url = {https://github.com/tdegeus/goose-thesis}
}

@misc{Geus23,
 author = {de Geus, T.W.J.\},
 year = {2023},
 title = {{goose-thesis: a customized LaTeX thesis class}},
 url = {https://github.com/tdegeus/goose-thesis}
}

@misc{Geus24,
 author = {de Geus, T.W.J.\},
 year = {2024},
 title = {{goose-thesis: a customized LaTeX thesis class}},
 url = {https://github.com/tdegeus/goose-thesis}
}

@misc{Geus25,
 author = {de Geus, T.W.J.\},
 year = {2025},
 title = {{goose-thesis: a customized LaTeX thesis class}},
 url = {https://github.com/tdegeus/goose-thesis}
}

@misc{Geus26,
 author = {de Geus, T.W.J.\},
 year = {2026},
 title = {{goose-thesis: a customized LaTeX thesis class}},
 url = {https://github.com/tdegeus/goose-thesis}
}

@misc{Geus27,
 author = {de Geus, T.W.J.\},
 year = {2027},
 title = {{goose-thesis: a customized LaTeX thesis class}},
 url = {https://github.com/tdegeus/goose-thesis}
}

@misc{Geus28,
 author = {de Geus, T.W.J.\},
 year = {2028},
 title = {{goose-thesis: a customized LaTeX thesis class}},
 url = {https://github.com/tdegeus/goose-thesis}
}

@misc{Geus29,
 author = {de Geus, T.W.J.\},
 year = {2029},
 title = {{goose-thesis: a customized LaTeX thesis class}},
 url = {https://github.com/tdegeus/goose-thesis}
}

@misc{Geus30,
 author = {de Geus, T.W.J.\},
 year = {2020},
 title = {{goose-thesis: a customized LaTeX thesis class}},
 url = {https://github.com/tdegeus/goose-thesis}
}

@misc{Geus31,
 author = {de Geus, T.W.J.\},
 year = {2021},
 title = {{goose-thesis: a customized LaTeX thesis class}},
 url = {https://github.com/tdegeus/goose-thesis}
}

@misc{Geus32,
 author = {de Geus, T.W.J.\},
 year = {2022},
 title = {{goose-thesis: a customized LaTeX thesis class}},
 url = {https://github.com/tdegeus/goose-thesis}
}

@misc{Geus33,
 author = {de Geus, T.W.J.\},
 year = {2023},
 title = {{goose-thesis: a customized LaTeX thesis class}},
 url = {https://github.com/tdegeus/goose-thesis}
}

@misc{Geus34,
 author = {de Geus, T.W.J.\},
 year = {2024},
 title = {{goose-thesis: a customized LaTeX thesis class}},
 url = {https://github.com/tdegeus/goose-thesis}
}

@misc{Geus35,
 author = {de Geus, T.W.J.\},
 year = {2025},
 title = {{goose-thesis: a customized LaTeX thesis class}},
 url = {https://github.com/tdegeus/goose-thesis}
}

@misc{Geus36,
 author = {de Geus, T.W.J.\},
 year = {2026},
 title = {{goose-thesis: a customized LaTeX thesis class}},
 url = {https://github.com/tdegeus/goose-thesis}
}

@misc{Geus37,
 author = {de Geus, T.W.J.\},
 year = {2027},
 title = {{goose-thesis: a customized LaTeX thesis class}},
 url = {https://github.com/tdegeus/goose-thesis}
}

@misc{Geus38,
 author = {de Geus, T.W.J.\},
 year = {2028},
 title = {{goose-thesis: a customized LaTeX thesis class}},
 url = {https://github.com/tdegeus/goose-thesis}
}

@misc{Geus39,
 author = {de Geus, T.W.J.\},
 year = {2029},
 title = {{goose-thesis: a customized LaTeX thesis class}},
 url = {https://github.com/tdegeus/goose-thesis}
}

@misc{Geus40,
 author = {de Geus, T.W.J.\},
 year = {2020},
 title = {{goose-thesis: a customized LaTeX thesis class}},
 url = {https://github.com/tdegeus/goose-thesis}
}

@misc{Geus41,
 author = {de Geus, T.W.J.\},
 year = {2021},
 title = {{goose-thesis: a customized LaTeX thesis class}},
 url = {https://github.com/tdegeus/goose-thesis}
}

@misc{Geus42,
 author = {de Geus, T.W.J.\},
 year = {2022},
 title = {{goose-thesis: a customized LaTeX thesis class}},
 url = {https://github.com/tdegeus/goose-thesis}
}

@misc{Geus43,
 author = {de Geus, T.W.J.\},
 year = {2023},
 title = {{goose-thesis: a customized LaTeX thesis class}},
 url = {https://github.com/tdegeus/goose-thesis}
}

@misc{Geus44,
 author = {de Geus, T.W.J.\},
 year = {2024},
 title = {{goose-thesis: a customized LaTeX thesis class}},
 url = {https://github.com/tdegeus/goose-thesis}
}

@misc{Geus45,
 author = {de Geus, T.W.J.\},
 year = {2025},
 title = {{goose-thesis: a customized LaTeX thesis class}},
 url = {https://github.com/tdegeus/goose-thesis}
}

@misc{Geus46,
 author = {de Geus, T.W.J.\},
 year = {2026},
 title = {{goose-thesis: a customized LaTeX thesis class}},
 url = {https://github.com/tdegeus/goose-thesis}
}

@misc{Geus47,
 author = {de Geus, T.W.J.\},
 year = {2027},
 title = {{goose-thesis: a customized LaTeX thesis class}},
 url = {https://github.com/tdegeus/goose-thesis}
}

@misc{Geus48,
 author = {de Geus, T.W.J.\},
 year = {2028},
 title = {{goose-thesis: a customized LaTeX thesis class}},
 url = {https://github.com/tdegeus/goose-thesis}
}

@misc{Geus49,
 author = {de Geus, T.W.J.\},
 year = {2029},
 title = {{goose-thesis: a customized LaTeX thesis class}},
 url = {https://github.com/tdegeus/goose-thesis}
}

@misc{Geus50,
 author = {de Geus, T.W.J.\},
 year = {2020},
 title = {{goose-thesis: a customized LaTeX thesis class}},
 url = {https://github.com/tdegeus/goose-thesis}
}

@misc{Geus51,
 author = {de Geus, T.W.J.\},
 year = {2021},
 title = {{goose-thesis: a customized LaTeX thesis class}},
 url = {https://github.com/tdegeus/goose-thesis}
}

@misc{Geus52,
 author = {de Geus, T.W.J.\},
 year = {2022},
 title = {{goose-thesis: a customized LaTeX thesis class}},
 url = {https://github.com/tdegeus/goose-thesis}
}

@misc{Geus53,
 author = {de Geus, T.W.J.\},
 year = {2023},
 title = {{goose-thesis: a customized LaTeX thesis class}},
 url = {https://github.com/tdegeus/goose-thesis}
}

@misc{Geus54,
 author = {de Geus, T.W.J.\},
 year = {2024},
 title = {{goose-thesis: a customized LaTeX thesis class}},
 url = {https://github.com/tdegeus/goose-thesis}
}

@misc{Geus55,
 author = {de Geus, T.W.J.\},
 year = {2025},
 title = {{goose-thesis: a customized LaTeX thesis class}},
 url = {https://github.com/tdegeus/goose-thesis}
}

@misc{Geus56,
 author = {de Geus, T.W.J.\},
 year = {2026},
 title = {{goose-thesis: a customized LaTeX thesis class}},
 url = {https://github.com/tdegeus/goose-thesis}
}

@misc{Geus57,
 author = {de Geus, T.W.J.\},
 year = {2027},
 title = {{goose-thesis: a customized LaTeX thesis class}},
 url = {https://github.com/tdegeus/goose-thesis}
}

@misc{Geus58,
 author = {de Geus, T.W.J.\},
 year = {2028},
 title = {{goose-thesis: a customized LaTeX thesis class}},
 url = {https://github.com/tdegeus/goose-thesis}
}

@misc{Geus59,
 author = {de Geus, T.W.J.\},
 year = {2029},
 title = {{goose-thesis: a customized LaTeX thesis class}},
 url = {https://github.com/tdegeus/goose-thesis}
}
