@misc{Geus10,
 author = {de Geus, T.W.J.\},
 year = {2010},
 title = {{goose-thesis: a customized LaTeX thesis class}},
 url = {https://github.com/tdegeus/goose-thesis}
}

@misc{Geus11,
 author = {de Geus, T.W.J.\},
 year = {2011},
 title = {{goose-thesis: a customized LaTeX thesis class}},
 url = {https://github.com/tdegeus/goose-thesis}
}

@misc{Geus12,
 author = {de Geus, T.W.J.\},
 year = {2012},
 title = {{goose-thesis: a customized LaTeX thesis class}},
 url = {https://github.com/tdegeus/goose-thesis}
}

@misc{Geus13,
 author = {de Geus, T.W.J.\},
 year = {2013},
 title = {{goose-thesis: a customized LaTeX thesis class}},
 url = {https://github.com/tdegeus/goose-thesis}
}

@misc{Geus14,
 author = {de Geus, T.W.J.\},
 year = {2014},
 title = {{goose-thesis: a customized LaTeX thesis class}},
 url = {https://github.com/tdegeus/goose-thesis}
}

@misc{Geus15,
 author = {de Geus, T.W.J.\},
 year = {2015},
 title = {{goose-thesis: a customized LaTeX thesis class}},
 url = {https://github.com/tdegeus/goose-thesis}
}

@misc{Geus16,
 author = {de Geus, T.W.J.\},
 year = {2016},
 title = {{goose-thesis: a customized LaTeX thesis class}},
 url = {https://github.com/tdegeus/goose-thesis}
}

@misc{Geus17,
 author = {de Geus, T.W.J.\},
 year = {2017},
 title = {{goose-thesis: a customized LaTeX thesis class}},
 url = {https://github.com/tdegeus/goose-thesis}
}
